@book{martin,
    author = {James Martin},
    title = {Programming Real-time Computer Systems},
    address = {Englewood Cliffs, NJ},
    publisher = {Prentice-Hall, Inc.},
    pages = {4},
    year = {1965},
    isbn = {0-13-730507-9}
}
@book{kurose,
    author = {Jim F. Kurose and Keith W. Ross},
    title = {Computer Networking: A Top-Down Approach},
    publisher = {Pearson Education, Inc.},
    year = {2013},
    edition = {6},
    isbn = {0-13-285620-4}
}
@misc{oracle,
    title = {JavaFX Frequently Asked Questions},
    howpublished = {\url{http://www.oracle.com/technetwork/java/javafx/overview/faq-1446554.html}},
    publisher = {Oracle},
    note = {Accessed 2017-04-24}
}
@misc{nio,
    author = {Mark Reinhold},
    title = {JSR 51: New I/O APIs for the JavaTM Platform},
    journal = {JSRs: Java Specification Requests},
    howpublished = {\url{https://www.jcp.org/en/jsr/detail?id=51}},
    publisher = {Oracle},
    year = {2002}
}
